[gd_scene load_steps=2 format=2]

[ext_resource path="res://scenes/gui/menus/main_menu/options.gd" type="Script" id=1]

[node name="Control" type="Control"]
anchor_right = 1.0
anchor_bottom = 1.0
script = ExtResource( 1 )
__meta__ = {
"_edit_use_anchors_": false
}

[node name="Display" type="Label" parent="."]
margin_left = 44.0
margin_top = 46.0
margin_right = 363.0
margin_bottom = 60.0
text = "Display"

[node name="Options" type="VBoxContainer" parent="Display"]
margin_top = 14.0
margin_right = 319.0
margin_bottom = 479.0

[node name="Fullscreen" type="CheckButton" parent="Display/Options"]
margin_right = 319.0
margin_bottom = 40.0
text = "Fullscreen"

[node name="VSync" type="CheckButton" parent="Display/Options"]
margin_top = 44.0
margin_right = 319.0
margin_bottom = 84.0
text = "Vertical Synchronization"

[node name="Multiplayer" type="Label" parent="."]
margin_left = 521.0
margin_top = 46.0
margin_right = 840.0
margin_bottom = 77.0
text = "Multiplayer
"
__meta__ = {
"_edit_use_anchors_": false
}

[node name="Options" type="VBoxContainer" parent="Multiplayer"]
margin_left = 14.0
margin_top = 20.0
margin_right = 333.0
margin_bottom = 485.0

[node name="Label" type="Label" parent="Multiplayer/Options"]
margin_right = 319.0
margin_bottom = 31.0
text = "Player Name:
"

[node name="ApplyName" type="Button" parent="Multiplayer/Options/Label"]
margin_left = 0.397156
margin_top = 36.8084
margin_right = 128.397
margin_bottom = 56.8084
text = "Apply"

[node name="TextEdit" type="TextEdit" parent="Multiplayer/Options/Label"]
margin_top = 14.0
margin_right = 319.0
margin_bottom = 36.0
hint_tooltip = "No Multiplayer functionality is implemented yet"
size_flags_vertical = 0
text = "Player
"
context_menu_enabled = false

[node name="Back" type="Button" parent="."]
margin_left = 37.4725
margin_top = 516.526
margin_right = 186.473
margin_bottom = 536.526
rect_scale = Vector2( 2, 2 )
text = "Cancel"

[node name="Save" type="Button" parent="."]
margin_left = 668.535
margin_top = 516.526
margin_right = 817.535
margin_bottom = 536.526
rect_scale = Vector2( 2, 2 )
text = "Confirm"
[connection signal="toggled" from="Display/Options/Fullscreen" to="." method="_on_fullscreen_toggled"]
[connection signal="toggled" from="Display/Options/VSync" to="." method="_on_vsync_toggled"]
[connection signal="pressed" from="Multiplayer/Options/Label/ApplyName" to="." method="_on_apply_name_pressed"]
[connection signal="pressed" from="Back" to="." method="_on_back_pressed"]
[connection signal="pressed" from="Save" to="." method="_on_save_pressed"]
